@techreport{norma,
type={Norma},
title={PN-B 02170:2016-12. Ocena szkodliwości drgań przekazywanych przez podłoże na budynki},
institution={Polski Komitet Normalizacyjny},
year={2016},
langid={polish}
}

@article{art1,
title={Development of a system for monitoring vibration accelerations based on the Raspberry Pi microcomputer and the ADXL345 accelerometer},
author={Holovatyy, A. and Teslyuk, V. and Iwaniec, M. and Mashevska, M.},
journal={Eastern-European Journal of Enterprise Technologies},
year={2017},
langid={english},
}
